
@misc{BienestarSocialSu,
  title = {El Bienestar Social: Su Concepto y Medici\'on | {{Semantic Scholar}}},
  file = {C\:\\Users\\Raquel\\Zotero\\storage\\TZ2JP4GD\\301e82868e7a0a5c9fbbde09110b18c0db80fdca.html},
  howpublished = {https://www.semanticscholar.org/paper/El-bienestar-social\%3A-su-concepto-y-medici\%C3\%B3n-Blanco-D\%C3\%ADaz/301e82868e7a0a5c9fbbde09110b18c0db80fdca}
}

@article{BienestarSubjetivoPsicologico,
  title = {{Bienestar subjetivo y psicol\'ogico: comparaci\'on de j\'ovenes y adultos mayores | Summa Psicol\'ogica}},
  shorttitle = {{Bienestar subjetivo y psicol\'ogico}},
  file = {C\:\\Users\\Raquel\\Zotero\\storage\\SRMXTDIE\\335.html},
  language = {es-ES}
}

@article{conchaSesgosCognitivosSu2012,
  title = {{Sesgos cognitivos y su relaci\'on con el bienestar subjetivo.}},
  author = {Concha, Daniela and Ram{\'i}rez, Mar{\'i}a {\'A}ngeles Bilbao and Cuadra, Ismael Gallardo and Rovira, Dar{\'i}o P{\'a}ez and Rodr{\'i}guez, Andr{\'e}s Fresno},
  year = {2012},
  volume = {3},
  pages = {115--129},
  issn = {0718-7475},
  doi = {10.22199/S07187475.2012.0002.00001},
  copyright = {Derechos de autor 2012 Salud \& Sociedad},
  file = {C\:\\Users\\Raquel\\Zotero\\storage\\WY7XR9GX\\Concha et al. - 2012 - Sesgos cognitivos y su relaci√≥n con el bienestar s.pdf;C\:\\Users\\Raquel\\Zotero\\storage\\PSA3HPJM\\841.html},
  journal = {Salud \& Sociedad},
  keywords = {Bienestar subjetivo,Cognitive biases,Sesgos cognitivos,Subjective well-being},
  language = {es},
  number = {2}
}

@article{copestakeWellbeingDevelopmentPeru2009,
  title = {Wellbeing and {{Development}} in {{Peru}}: {{Global}} and {{Local Views Confronted}}},
  shorttitle = {Wellbeing and {{Development}} in {{Peru}}},
  author = {Copestake, James},
  year = {2009},
  month = may,
  abstract = {Taking Peru as a case study, the paper examines how contrasting global designs of development can be interrogated using local data on subjective wellbeing. Four examples of the former are presented in the form of shared mental models of Peru as a welfare regime (Section 2). These are then contrasted with a local model -based on data collected from individuals living in seven sites across Central Peru -of subjective wellbeing, which is defined as the gap between individual life goals and their achievement (Section 3). This model is first used to analyse determinants and outcomes of internal migration (Section 4). Congruence and disjuncture between the global and local models are then systematically explored (Section 5). The overall argument is also linked to the idea of "border thinking" advanced by Walter Mignolo (2000). I conclude that empirical research into subjective wellbeing helps to expose the degree of universality as well as gaps and tensions between different perceptions of development. It can also contribute to more reflexive and inclusive analysis of social change and public policy.},
  file = {C\:\\Users\\Raquel\\Zotero\\storage\\Q2YTHB77\\Copestake - 2009 - Wellbeing and Development in Peru Global and Loca.pdf}
}

@article{cortadadekohanSesgosCognitivosToma2006,
  title = {{Los sesgos cognitivos en la toma de decisiones}},
  author = {{Cortada de Kohan}, Nuria and Macbeth, Guillermo},
  year = {2006},
  publisher = {{Universidad Cat\'olica Argentina. Facultad de Psicolog\'ia y Educaci\'on. Departamento de Psicolog\'ia}},
  abstract = {Resumen: en este trabajo se hace una presentaci\'on del Programa de ``Heuristicos y sesgos'' que iniciaron en 1970 Tversky y Kahneman y que en 2002 le vali\'o a Daniel Kahneman compartir el Premio Nobel en Econom\'ia. Se se\~nala en el trabajo el complejo problema de la toma de decisiones en los casos de incertidumbre. Estos autores han demostrado que en las intuiciones de las personas sobre la probabilidad de los hechos se producen muchos sesgos y se se\~nalan algunos de ellos y los ejemplos con los que los han demostrado como la falacia de la ley de los peque\~nos n\'umeros, el sesgo de conjunci\'on y otros. Tambi\'en se presenta la teor\'ia de las expectativas (prospect theory) y el sesgo de sobre confianza acerca del cual est\'an trabajando los autores de este trabajo actualmente.},
  annotation = {Accepted: 2019-06-12T01:36:33Z},
  copyright = {Acceso Abierto},
  file = {C\:\\Users\\Raquel\\Zotero\\storage\\W9WIYNPD\\Cortada de Kohan y Macbeth - 2006 - Los sesgos cognitivos en la toma de decisiones.pdf;C\:\\Users\\Raquel\\Zotero\\storage\\TLVJ8LZM\\6131.html},
  journal = {Revista de Psicolog\'ia, 2(3), 2006},
  language = {spa}
}

@article{diazEstructuraBienestarEncuentro2011,
  title = {La Estructura Del Bienestar: El Encuentro Emp\'irico de Tres Tradiciones},
  shorttitle = {La Estructura Del Bienestar},
  author = {D{\'i}az, Dar{\'i}o and Blanco, A. and Dur{\'a}n, Mar},
  year = {2011},
  abstract = {Resumen El estudio del bienestar constituye hoy en d\'ia uno de los cap\'itulos de mayor relevancia y futuro m\'as prometedor en el campo de la Psicolog\'ia. Con la ayuda de dos estudios hemos analizado las relaciones existentes entre los constructos m\'as empleados para su medici\'on: el bienestar subjetivo (BS), el bienestar psicol\'ogico (BP), y el bienestar social (BSo). Los resultados de los an\'alisis factoriales exploratorios indicaron una estrecha relaci\'on entre el BS y el BP, mientras que los confirmatorios nos se\~nalaron que un modelo compuesto por dos factores oblicuos denominados bienestar personal (que incluye el BS y el BP) y bienestar social fue el que mejor se ajusta a los datos. Los resultados del segundo estudio, empleando an\'alisis de ecuaciones estructurales, confirmaron la naturaleza relacionada pero distinta del bienestar social y la necesidad de emplear modelos que lo incluyan para aumentar su capacidad predictiva sobre variables sociales relevantes como la acci\'on social o la anomia.},
  file = {C\:\\Users\\Raquel\\Zotero\\storage\\D588Q3TR\\e152248b6c2d397d47793887773415fd91a80802.html},
  journal = {undefined},
  language = {en}
}

@article{diazEudaimonicComponentSatisfaction2015,
  title = {The Eudaimonic Component of Satisfaction with Life and Psychological Well-Being in {{Spanish}} Cultures.},
  author = {D{\'i}az, Dar{\'i}o and Stavraki, Mar{\'i}a and Blanco, Amalio and Gandarillas, B.},
  year = {2015},
  abstract = {BACKGROUND In the study of well-being there are two partially overlapping traditions that have been developed in parallel. Subjective well-being (SWB) has been associated with the hedonistic approach of well-being, and psychological well-being (PWB) with the eudaimonistic one. However, satisfaction with life, the most common SWB indicator, is not strictly a hedonic concept and contains many eudaimonic components. The objective of this research is to examine whether a Eudaimonic Well-being G-Factor of Satisfaction with Life (SWLS) and Psychological Well-being Scales (PWBS) emerges. METHOD 400 people from the general population of Colombia (Study 1) and 401 from Spain (Study 2), recruited via advertisement, voluntarily participated and filled in a booklet containing, in order of appearance, the PWBS and the SWLS. RESULTS According to our hypothesis, parallel analysis, eigenvalues, scree plot graphs and exploratory factor analysis (Study 1) suggested the existence of a one-factor structure. Confirmatory factor analysis (Study 2) indicated that this one-factor model provided excellent data fit. Results of a multi-group confirmatory factor analysis confirmed cross-cultural factor invariance. CONCLUSIONS These results question the view that the satisfaction with life indicator is uniquely hedonic and point to the need for a greater integration between hedonic and eudaimonic traditions.},
  file = {C\:\\Users\\Raquel\\Zotero\\storage\\594YAP7N\\59da3ec99fe58444435f6596ebb5a93e40e7804b.html},
  journal = {undefined},
  language = {en}
}

@article{kelezMundoFelizBienestar2009,
  title = {{\textquestiondown Un mundo feliz?: bienestar subjetivo en Lima Metropolitana}},
  shorttitle = {{\textquestiondown Un mundo feliz?}},
  author = {Kelez, Dusko and Macera, Pablo},
  year = {2009},
  month = jan,
  publisher = {{Universidad del Pac\'ifico. Centro de Investigaci\'on}},
  issn = {2223-1757},
  doi = {10.21678/apuntes.64.584},
  abstract = {The economy has put aside the quest to understand the subjective welfare of man. With the aim of recovering part of the ground the economy has lost for so many years, this research tries a response to issues about the determinants of subjective well-being using economic tools. In particular, it is desired to know to what extent the objective variables that are typically used to measure the performance of a society are really a proxy for the well-being of the population. In this sense, the paper also seeks to establish possible differences in the welfare scheme between Socioeconomic Levels (NSE). The central hypothesis is that, contrary to what it is usually assumed, improvements in objective variables (salary, employment, inflation, etc.) report no significant impact on the level of well-being of the population of Lima Metropolitana. These impacts, however, tend to be higher as socioeconomic conditions worsen.  The work has two approaches. First, it uses an econometric approach using amodel based on information obtained between 1994 and 2008 about level of satisfaction of the citizens. Secondly, focus group dynamics take place segmented by socioeconomic status in order to obtain a more qualitative approach to the determinants of welfare. Among its key findings, the paper shows that less than one third of subjective well-being in Lima is explained bythe objective variables evaluated. For most NSE, real wages, prices and performance of institutions are the most important variables in their wellbeing, but nevertheless, the impact of changes on these variables decrease as socioeconomic conditions improve.},
  annotation = {Accepted: 2015-04-06T22:36:00Z},
  copyright = {info:eu-repo/semantics/openAccess},
  file = {C\:\\Users\\Raquel\\Zotero\\storage\\R7ZTL4QI\\Kelez y Macera - 2009 - ¬øUn mundo feliz bienestar subjetivo en Lima Metr.pdf;C\:\\Users\\Raquel\\Zotero\\storage\\YKGAHILR\\541.html},
  journal = {Repositorio de la Universidad del Pac\'ifico - UP},
  language = {spa}
}

@article{lBienestarSubjetivoHacia2003,
  title = {{El Bienestar Subjetivo: Hacia una Psicolog\'ia Positiva}},
  shorttitle = {{El Bienestar Subjetivo}},
  author = {L, Hayd{\'e}e Cuadra and U, Ram{\'o}n Florenzano},
  year = {2003},
  volume = {12},
  pages = {83--96},
  publisher = {{Universidad de Chile}},
  issn = {0716-8039, 0719-0581},
  abstract = {Este art\'iculo revisa un \'area emergente de la psicolog\'ia que, frente al \'enfasis en estados negativos, ha dado una nueva mirada centrada en las cualidades humanas positivas, identificando as\'i factores que contribuyen al bienestar subjetivo (BS). La importancia de la subjetividad en la propia evaluaci\'on de la vida y el reconocimiento de que el bienestar incluye elementos m\'as all\'a de la juventud y la prosperidad econ\'omica ha llevado a estudiar que factores psicol\'ogicos y del entorno inciden en BS, y a desarrollar teor\'ias tales como las de Diener y otros. Se resumen datos emp\'iricos que sustentan el cuerpo te\'orico que ha surgido en la \'ultima d\'ecada, as\'i como se mencionan instrumentos que nos permiten investigar estos aspectos de la conducta humana.},
  file = {C\:\\Users\\Raquel\\Zotero\\storage\\NH8EPHV9\\L y U - 2003 - El Bienestar Subjetivo Hacia una Psicolog√≠a Posit.pdf;C\:\\Users\\Raquel\\Zotero\\storage\\33I4UKRW\\articulo.html},
  journal = {Revista de Psicolog\'ia},
  keywords = {Bienestar subjetivo,felicidad,happiness,positive psychology,psicolog√≠a positiva,Subjective well-being},
  language = {Espa\~nol},
  number = {1}
}

@misc{PDFRoleEmotions,
  title = {({{PDF}}) {{The}} Role of Emotions in Cognitive Biases | {{Riccardo Sartori}} - {{Academia}}.Edu},
  file = {C\:\\Users\\Raquel\\Zotero\\storage\\2UGP3Z6B\\The_role_of_emotions_in_cognitive_biases.html},
  howpublished = {https://www.academia.edu/17350240/The\_role\_of\_emotions\_in\_cognitive\_biases}
}

@misc{PDFSesgoCognitivo,
  title = {({{PDF}}) {{Sesgo Cognitivo}} de {{Optimismo}} y {{Percepci\'on}} de {{Bienestar}} En Una {{Muestra}} de {{Universitarios Ecuatorianos}}},
  file = {C\:\\Users\\Raquel\\Zotero\\storage\\LVP5KD5B\\340218139_Sesgo_Cognitivo_de_Optimismo_y_Percepcion_de_Bienestar_en_una_Muestra_de_Universitari.html},
  howpublished = {https://www.researchgate.net/publication/340218139\_Sesgo\_Cognitivo\_de\_Optimismo\_y\_Percepcion\_de\_Bienestar\_en\_una\_Muestra\_de\_Universitarios\_Ecuatorianos}
}

@article{rangelEstudoBemestarPsicologico,
  title = {{O estudo do bem-estar psicol\'ogico subjetivo}},
  author = {Rangel, Jhorima Vielma},
  pages = {13},
  abstract = {A literature review has been made to describe common aspects and differences among studies in subjective psychological well-being (RPWB) that could be of interest for psychoeducational research studies. Elements and RPWB determining factors are considered with special emphasis on the Multidimensional Model of Psychological Well-being proposed by Carol Ryff (1989). Finally, some procedures and easy-to-apply materials are suggested. As a conclusion, the RPWB is an indicator of individual/group mental health which can be learnt consciously for daily life.},
  file = {C\:\\Users\\Raquel\\Zotero\\storage\\4PFM287X\\Rangel - O estudo do bem-estar psicol√≥gico subjetivo.pdf},
  language = {es}
}

@article{ryffStructurePsychologicalWellbeing1995,
  title = {The Structure of Psychological Well-Being Revisited},
  author = {Ryff, Carol D. and Keyes, Corey Lee M.},
  year = {1995},
  volume = {69},
  pages = {719--727},
  publisher = {{American Psychological Association}},
  address = {{US}},
  issn = {1939-1315(Electronic),0022-3514(Print)},
  doi = {10.1037/0022-3514.69.4.719},
  abstract = {A theoretical model of psychological well-being that encompasses 6 distinct dimensions of wellness (Autonomy, Environmental Mastery, Personal Growth, Positive Relations with Others, Purpose in Life, Self-Acceptance) was tested with data from a nationally representative sample of adults (N\hspace{0.6em}=\hspace{0.6em}1,108), aged 25 and older, who participated in telephone interviews. Confirmatory factor analyses provided support for the proposed 6-factor model, with a single second-order super factor. The model was superior in fit over single-factor and other artifactual models. Age and sex differences on the various well-being dimensions replicated prior findings. Comparisons with other frequently used indicators (positive and negative affect, life satisfaction) demonstrated that the latter neglects key aspects of positive functioning emphasized in theories of health and well-being. (PsycINFO Database Record (c) 2016 APA, all rights reserved)},
  file = {C\:\\Users\\Raquel\\Zotero\\storage\\XKD7ITLB\\Ryff y Keyes - 1995 - The structure of psychological well-being revisite.pdf},
  journal = {Journal of Personality and Social Psychology},
  keywords = {Personality Theory,Well Being},
  number = {4}
}

@article{salazarSesgosCognitivosSu2018,
  title = {{Sesgos Cognitivos y su relaci\`on con el bienestar psicologico en estudiantes universitarios de la Ciudad de Ambato}},
  author = {Salazar, Torres and Alexandra, Cristina},
  year = {2018},
  publisher = {{Pontificia Universidad Cat\'olica del Ecuador}},
  abstract = {La presente investigaci\'on tiene como objetivo determinar la relaci\'on entre los sesgos cognitivos y el bienestar psicol\'ogico en una muestra de estudiantes universitarios. Los participantes fueron 400 estudiantes de una universidad p\'ublica y una universidad cofinanciada de la ciudad de Ambato-Ecuador, evaluados a trav\'es de las bater\'ias psicom\'etricas de: visi\'on del futuro, afectos positivos y afectos negativos, satisfacci\'on con la vida, bienestar psicol\'ogico y bienestar objetivo. Se compar\'o los sesgos cognitivos de optimismo ilusorio, optimismo disposicional e ilusi\'on de invulnerabilidad con el bienestar psicol\'ogico seg\'un la universidad de procedencia. El bienestar psicol\'ogico se correlaciona con: la satisfacci\'on con la vida r= 0,538; los afectos positivos r=0,470 y negativos r=0,480; el optimismo disposicional r=0,379; la visi\'on futura de eventos negativos r= 0,055 y positivos r=0,048. Por otro lado, el optimismo disposicional se relaciona con afectos positivos r= 0,127; afectos negativos r= 0,170 y con la satisfacci\'on con la vida r= 0,142. Los resultados muestran que los sesgos de optimismo disposicional, optimismo ilusorio e ilusi\'on de invulnerabilidad se relacionan con la presencia del bienestar psicol\'ogico. Asimismo, el optimismo disposicional se vincula adicionalmente con la satisfacci\'on vital, los afectos positivos y negativos.},
  annotation = {Accepted: 2018-01-06T00:09:31Z},
  copyright = {openAccess},
  file = {C\:\\Users\\Raquel\\Zotero\\storage\\SMSTJGWJ\\2172.html},
  language = {spa}
}

@article{shepperdAssessingConsequencesUnrealistic2017,
  title = {Assessing the Consequences of Unrealistic Optimism: {{Challenges}} and Recommendations},
  shorttitle = {Assessing the Consequences of Unrealistic Optimism},
  author = {Shepperd, J. and Pogge, Gabrielle and Howell, J.},
  year = {2017},
  abstract = {Of the hundreds of studies published on unrealistic optimism (i.e., expecting a better personal future than is reasonably likely), most have focused on demonstrating the phenomenon, examining boundary conditions, or documenting causes. Few studies have examined the consequences of unrealistic optimism. In this article, we provide an overview of the measurement of unrealistic optimism, review possible consequences, and identify numerous challenges confronting investigators attempting to understand the consequences. Assessing the consequences of unrealistic optimism is tricky, and ultimately probably impossible when researchers assess unrealistic optimism at the group level (which reveals if a group of people is displaying unrealistic optimism on average) rather than the individual level (which reveals whether a specific individual displays unrealistic optimism). We offer recommendations to researchers who wish to examine the consequences of unrealistic optimism.},
  file = {C\:\\Users\\Raquel\\Zotero\\storage\\SJ3X3AUV\\6b56e5200b97328274e7ac15f61371c619508ce9.html},
  journal = {undefined},
  language = {en}
}

@article{shepperdTakingStockUnrealistic2013,
  title = {Taking {{Stock}} of {{Unrealistic Optimism}}},
  author = {Shepperd, J. and Klein, W. and Waters, Erika A. and Weinstein, N.},
  year = {2013},
  abstract = {Researchers have used terms such as unrealistic optimism and optimistic bias to refer to concepts that are similar but not synonymous. Drawing from 3 decades of research, we discuss critically how researchers define unrealistic optimism, and we identify four types that reflect different measurement approaches: unrealistic absolute optimism at the individual and group levels and unrealistic comparative optimism at the individual and group levels. In addition, we discuss methodological criticisms leveled against research on unrealistic optimism and note that the criticisms are primarily relevant to only one type: the group form of unrealistic comparative optimism. We further clarify how the criticisms are not nearly as problematic as they might seem, even for unrealistic comparative optimism. Finally, we note boundary conditions on the different types of unrealistic optimism and reflect on five broad questions that deserve further attention.},
  file = {C\:\\Users\\Raquel\\Zotero\\storage\\3WDJKNDW\\b92b026de9fb95b125479d92a3442b47d5c9ffb1.html},
  journal = {undefined},
  language = {en}
}

@article{yamamotoSubjectiveWellbeingAlternative2008,
  title = {Subjective {{Wellbeing}}: {{An Alternative Approach}}},
  shorttitle = {Subjective {{Wellbeing}}},
  author = {Yamamoto, J. and Feijoo, Ana Rosa and Lazarte, A.},
  year = {2008},
  abstract = {This chapter presents an original Peruvian subjective wellbeing (SWB) approach. The problem of imposition of theories, methods, and development practices from self-appointed ``developed'' countries to appointed ``developing'' countries is discussed and the alternative rationale and methodology for SWB investigation is presented and explained. Findings based on this approach are reported, providing empirical evidence for its validity and usefulness. These support an alternative theory of SWB that differs from the established Western theories and offers potential solutions to critical problems on development practice in developing countries.},
  file = {C\:\\Users\\Raquel\\Zotero\\storage\\WMJLREQZ\\8851ec5d23957e2dd270b44b44ea9551c7e9078f.html},
  journal = {undefined},
  language = {en}
}

@article{yamamotosudaModeloBienestarSubjetivo2017,
  title = {{Un modelo de bienestar subjetivo para Lima Metropolitana}},
  author = {Yamamoto Suda, Jorge},
  year = {2017},
  month = feb,
  publisher = {{Pontificia Universidad Cat\'olica del Per\'u}},
  abstract = {El bienestar subjetivo constituye uno de los temas centrales en la agenda de las ciencias  sociales y en la pol\'itica internacional. Es tambi\'en un tema central en la psicolog\'ia contempor\'anea,  en donde se ha acumulado evidencia acerca de sus componentes. El reto es integrar ese  conocimiento en un modelo. Se parte del modelo multidimensional de bienestar subjetivo y se  adapta para una muestra representativa de Lima Metropolitana. Dado que los estudios previos se  basaron en muestras no representativas de zonas rurales y peri urbanas peruanas, el presente estudio  constituye un avance en la l\'inea de investigaci\'on. Se propone un modelo en donde los valores  influyen en las metas y en la percepci\'on de logro de las metas; y que los recursos son mediadores  entre las metas y su percepci\'on de logro. Se encuentra evidencia confirmatoria del modelo. Se  utiliz\'o la t\'ecnica del an\'alisis de caminos en una muestra representativa (N = 500, 95 IC +- 5\%) en  Lima Metropolitana. Los resultados sugieren la enorme importancia de las relaciones sociales.  Proveen evidencia del potencial de satisfacci\'on anticipatoria de las metas y los valores. Encuentra  un modelo h\'ibrido de bienestar, con un camino basado en el estatus material, posiblemente  vinculado negativamente con el bienestar, y un camino basado en las relaciones interpersonales de  calidad, posiblemente vinculado de forma positiva con el bienestar. Un buen lugar para vivir,  fundamentalmente un buen vecindario, junto con la aceptaci\'on social y ser amado es importante  para Sentirse bien. Se discuten las implicancias para programas de prevenci\'on y desarrollo social.},
  annotation = {Accepted: 2017-02-06T16:51:18Z},
  copyright = {Atribuci\'on-NoComercial-SinDerivadas 2.5 Per\'u},
  file = {C\:\\Users\\Raquel\\Zotero\\storage\\S22JGCPG\\Yamamoto Suda - 2017 - Un modelo de bienestar subjetivo para Lima Metropo.pdf;C\:\\Users\\Raquel\\Zotero\\storage\\WFU5EKBA\\7682.html},
  journal = {Pontificia Universidad Cat\'olica del Per\'u},
  language = {spa}
}


