
@online{harry_largest_2017,
	title = {The largest Git repo on the planet},
	url = {https://blogs.msdn.microsoft.com/bharry/2017/05/24/the-largest-git-repo-on-the-planet/},
	author = {Harry, Brian},
	urldate = {2017-06-20},
	date = {2017},
	note = {00000}
}

@article{markowetz_five_2015,
  title = {Five Selfish Reasons to Work Reproducibly},
  volume = {16},
  rights = {2015 Markowetz.},
  issn = {1465-6906},
  doi = {10.1186/s13059-015-0850-7},
  timestamp = {2016-08-17T16:37:37Z},
  langid = {english},
  number = {1},
  journaltitle = {Genome Biology},
  author = {Markowetz, Florian},
  urldate = {2015-12-09},
  date = {2015-12-08},
  pages = {274},
  note = {00000},
  keywords = {Reproducibility,Scientific career}
}

@article{peng_reproducible_2011,
  title = {Reproducible {{Research}} in {{Computational Science}}},
  volume = {334},
  issn = {0036-8075, 1095-9203},
  doi = {10.1126/science.1213847},
  timestamp = {2017-05-29T15:54:25Z},
  langid = {english},
  number = {6060},
  journaltitle = {Science},
  shortjournal = {Science},
  author = {Peng, Roger D.},
  urldate = {2015-11-30},
  date = {2011-02-12},
  pages = {1226--1227},
  note = {00451}
}

@article{ihle_striving_2017,
  title = {Striving for Transparent and Credible Research: Practical Guidelines for Behavioral Ecologists},
  doi = {10.1093/beheco/arx003},
  shorttitle = {Striving for Transparent and Credible Research},
  timestamp = {2017-05-17T20:07:39Z},
  journaltitle = {Behavioral Ecology},
  shortjournal = {Behav Ecol},
  author = {Ihle, Malika and Winney, Isabel S. and Krystalli, Anna and Croucher, Michael},
  urldate = {2017-03-22},
  date = {2017},
  note = {00007}
}

@online{brown_you_2016,
  title = {You Can Make {{GitHub}} Repositories Archival by Using {{Zenodo}} or {{Figshare}}!},
  url = {http://ivory.idyll.org/blog/2016-using-zenodo-to-archive-github.html},
  timestamp = {2017-03-22T13:26:48Z},
  author = {Brown, C. Titus},
  urldate = {2017-03-22},
  date = {2016-11-16},
  note = {00000}
}

@online{github_making_2016,
  title = {Making {{Your Code Citable}} · {{GitHub Guides}}},
  url = {https://guides.github.com/activities/citable-code/},
  timestamp = {2017-03-22T13:27:53Z},
  author = {GitHub},
  urldate = {2017-03-22},
  date = {2016-10},
  note = {00000}
}

@article{leek_statistics:_2015,
  title = {Statistics: {{{\emph{P}}}} Values Are Just the Tip of the Iceberg},
  volume = {520},
  doi = {10.1038/520612a},
  shorttitle = {Statistics},
  timestamp = {2017-03-28T13:08:58Z},
  number = {7549},
  journaltitle = {Nature News},
  author = {Leek, Jeffrey T. and Peng, Roger D.},
  urldate = {2017-03-28},
  date = {2015-04-30},
  pages = {612},
  note = {00000}
}

@article{baker_1500_2016,
  title = {1,500 Scientists Lift the Lid on Reproducibility},
  volume = {533},
  doi = {10.1038/533452a},
  timestamp = {2017-04-03T13:56:05Z},
  number = {7604},
  journaltitle = {Nature News},
  author = {Baker, Monya},
  urldate = {2017-03-31},
  date = {2016-05-26},
  pages = {452},
  note = {00090}
}

@article{banks_we_2017,
  entrysubtype = {magazine},
  title = {We {{Need}} a {{GitHub}} for {{Academic Research}}},
  issn = {1091-2339},
  url = {http://www.slate.com/articles/technology/future_tense/2017/04/we_need_a_github_for_academic_research.html?wpsrc=sh_all_dt_tw_bot},
  timestamp = {2017-04-20T19:21:30Z},
  langid = {american},
  journaltitle = {Slate},
  author = {Banks, Marcus and Wolk, Alan},
  urldate = {2017-04-20},
  date = {2017-04-20},
  note = {00000}
}

@article{croucher_introduction_2016,
  title = {Introduction to Version Control with {{RStudio}}},
  doi = {10.5281/zenodo.61435},
  timestamp = {2017-05-19T00:00:34Z},
  journaltitle = {Zenodo},
  author = {Croucher, Michael and Krystalli, Anna},
  urldate = {2017-04-20},
  date = {2016},
  note = {00000},
  keywords = {R,Software Engineering}
}

@online{rouder_invariances:_2017,
  title = {Invariances: {{Why Is It So Hard To Organize My Lab}}?},
  url = {https://jeffrouder.blogspot.com/2017/01/why-is-it-so-hard-to-organize-my-lab.html},
  shorttitle = {Invariances},
  timestamp = {2017-05-19T00:41:57Z},
  journaltitle = {Invariances},
  author = {Rouder, Jeffrey N.},
  urldate = {2017-04-21},
  year = {Tuesday, January 3, 2017},
  note = {00000}
}

@book{bryan_happy_2017,
  title = {Happy {{Git}} and {{GitHub}} for the {{useR}}},
  url = {http://happygitwithr.com/},
  timestamp = {2017-05-29T19:57:38Z},
  author = {Bryan, Jennifer},
  urldate = {2017-04-24},
  date = {2017},
  note = {00000}
}

@book{kitzes_practice_2017,
  title = {The {{Practice}} of {{Reproducible Research}}: {{Case Studies}} and {{Lessons}} from the {{Data}}-{{Intensive Sciences}}},
  isbn = {978-0-520-29475-2},
  url = {https://www.practicereproducibleresearch.org/},
  shorttitle = {The {{Practice}} of {{Reproducible Research}}},
  pagetotal = {264},
  timestamp = {2017-05-29T15:54:10Z},
  langid = {english},
  publisher = {{University of California Press}},
  author = {Kitzes, Justin and Turek, Daniel and Deniz, Fatma},
  date = {2017-11-29},
  note = {00000},
  keywords = {Science / Earth Sciences / General,Science / Physics / General}
}

@online{morey_habits_2015,
  title = {Habits and Open Data: {{Helping}} Students Develop a Theory of Scientific Mind},
  url = {http://bayesfactor.blogspot.com/2015/11/habits-and-open-data-helping-students.html},
  shorttitle = {Habits and Open Data},
  timestamp = {2017-05-19T00:32:48Z},
  author = {Morey, Richard D.},
  urldate = {2017-05-01},
  date = {2015-11-19},
  note = {00000}
}

@article{noble_quick_2009,
  title = {A {{Quick Guide}} to {{Organizing Computational Biology Projects}}},
  volume = {5},
  issn = {1553-7358},
  doi = {10.1371/journal.pcbi.1000424},
  timestamp = {2017-05-03T01:25:20Z},
  number = {7},
  journaltitle = {PLOS Computational Biology},
  shortjournal = {PLOS Computational Biology},
  author = {Noble, William Stafford},
  urldate = {2017-05-03},
  date = {2009-07-31},
  pages = {e1000424},
  note = {00035},
  keywords = {Bioinformatics,Biologists,Computational biology,Computer software,Software Engineering,Source code}
}

@online{marwick_how_2015,
  title = {How Computers Broke Science – and What We Can Do to Fix It},
  url = {http://theconversation.com/how-computers-broke-science-and-what-we-can-do-to-fix-it-49938},
  timestamp = {2017-05-03T01:22:25Z},
  journaltitle = {The Conversation},
  author = {Marwick, Ben},
  urldate = {2017-05-03},
  date = {2015},
  note = {00000}
}

@article{wilson_best_2014,
  title = {Best {{Practices}} for {{Scientific Computing}}},
  volume = {12},
  issn = {1545-7885},
  doi = {10.1371/journal.pbio.1001745},
  timestamp = {2017-05-03T01:22:54Z},
  number = {1},
  journaltitle = {PLOS Biology},
  shortjournal = {PLOS Biology},
  author = {Wilson, Greg and Aruliah, D. A. and Brown, C. Titus and Hong, Neil P. Chue and Davis, Matt and Guy, Richard T. and Haddock, Steven H. D. and Huff, Kathryn D. and Mitchell, Ian M. and Plumbley, Mark D. and Waugh, Ben and White, Ethan P. and Wilson, Paul},
  urldate = {2017-05-03},
  date = {2014-01-07},
  pages = {e1001745},
  note = {00186},
  keywords = {Computers,Computer software,Open source software,Programming languages,Research validity,Scientists,Software development,Software tools}
}

@article{perez-riverol_ten_2016,
  title = {Ten {{Simple Rules}} for {{Taking Advantage}} of {{Git}} and {{GitHub}}},
  volume = {12},
  issn = {1553-7358},
  doi = {10.1371/journal.pcbi.1004947},
  timestamp = {2017-05-08T18:54:05Z},
  number = {7},
  journaltitle = {PLOS Computational Biology},
  shortjournal = {PLOS Computational Biology},
  author = {Perez-Riverol, Yasset and Gatto, Laurent and Wang, Rui and Sachsenberg, Timo and Uszkoreit, Julian and Leprevost, Felipe da Veiga and Fufezan, Christian and Ternent, Tobias and Eglen, Stephen J. and Katz, Daniel S. and Pollard, Tom J. and Konovalov, Alexander and Flight, Robert M. and Blin, Kai and Vizcaíno, Juan Antonio},
  urldate = {2017-05-08},
  date = {2016-07-14},
  pages = {e1004947},
  note = {00004},
  keywords = {Bioinformatics,Computer software,Control systems,Health services research,Open source software,Software development,Source code,Web-based applications}
}

@book{buckheit_wavelab_1995,
  title = {Wavelab and Reproducible Research},
  timestamp = {2017-05-29T15:54:02Z},
  publisher = {{Springer}},
  author = {Buckheit, Jonathan B and Donoho, David L},
  date = {1995},
  note = {00522},
  keywords = {reproducibility}
}

@book{gandrud_reproducible_2016,
  title = {Reproducible {{Research}} with {{R}} and {{R Studio}}, {{Second Edition}}},
  isbn = {978-1-4987-1538-6},
  pagetotal = {315},
  timestamp = {2017-05-17T20:06:35Z},
  langid = {english},
  publisher = {{CRC Press}},
  author = {Gandrud, Christopher},
  date = {2016-07-06},
  note = {00000},
  keywords = {r,reproducibility}
}

@software{welty_stattag_2016,
  title = {{{StatTag}}},
  url = {http://www.stattag.org/},
  timestamp = {2017-05-24T14:24:15Z},
  author = {Welty, L. J. and Rasmussen, L. V. and Baldridge, A. S. and Whitley, E.},
  date = {2016},
  note = {00000}
}

@article{eglen_toward_2017,
  title = {Toward Standard Practices for Sharing Computer Code and Programs in Neuroscience},
  volume = {20},
  rights = {© 2017 Nature Publishing Group, a division of Macmillan Publishers Limited. All Rights Reserved.},
  issn = {1097-6256},
  doi = {10.1038/nn.4550},
  timestamp = {2017-05-25T18:21:28Z},
  langid = {english},
  number = {6},
  journaltitle = {Nature Neuroscience},
  shortjournal = {Nat Neurosci},
  author = {Eglen, Stephen J. and Marwick, Ben and Halchenko, Yaroslav O. and Hanke, Michael and Sufi, Shoaib and Gleeson, Padraig and Silver, R. Angus and Davison, Andrew P. and Lanyon, Linda and Abrams, Mathew and Wachtler, Thomas and Willshaw, David J. and Pouzat, Christophe and Poline, Jean-Baptiste},
  urldate = {2017-05-25},
  date = {2017-06},
  pages = {770--773},
  note = {00000},
  keywords = {neuroscience,reproducibility,Scientific community}
}

@article{lowndes_our_2017,
  title = {Our Path to Better Science in Less Time Using Open Data Science Tools},
  volume = {1},
  rights = {© 2017 Macmillan Publishers Limited, part of Springer Nature. All rights reserved.},
  issn = {2397-334X},
  doi = {10.1038/s41559-017-0160},
  timestamp = {2017-05-26T18:04:42Z},
  langid = {english},
  journaltitle = {Nature Ecology \& Evolution},
  author = {Lowndes, Julia S. Stewart and Best, Benjamin D. and Scarborough, Courtney and Afflerbach, Jamie C. and Frazier, Melanie R. and O’Hara, Casey C. and Jiang, Ning and Halpern, Benjamin S.},
  urldate = {2017-05-26},
  date = {2017-05-23},
  pages = {0160},
  note = {00000}
}

@article{marsman_four_2016,
  title = {Four {{Requirements}} for an {{Acceptable Research Program}}},
  volume = {38},
  issn = {0197-3533},
  doi = {10.1080/01973533.2016.1221349},
  timestamp = {2017-05-26T19:55:44Z},
  number = {6},
  journaltitle = {Basic and Applied Social Psychology},
  author = {Marsman, Maarten and Ly, Alexander and Wagenmakers, Eric-Jan},
  urldate = {2017-05-26},
  date = {2016-11-01},
  pages = {308--312},
  note = {00002}
}

@online{healy_plain_2017,
  title = {The {{Plain Person}}’s {{Guide}} to {{Plain Text Social Science}}},
  url = {http://plain-text.co/},
  timestamp = {2017-05-29T19:57:27Z},
  author = {Healy, Kieran},
  urldate = {2017-05-29},
  date = {2017},
  note = {00000}
}

@online{glerean_project_2017,
  title = {Project Management == {{Data}} Management},
  url = {https://eglerean.wordpress.com/2017/05/24/project-management-data-management/},
  timestamp = {2017-05-29T19:57:22Z},
  journaltitle = {Ask Enrico},
  author = {Glerean, Enrico},
  urldate = {2017-05-29},
  date = {2017-05-24},
  note = {00000}
}

@article{munafo_manifesto_2017,
  title = {A Manifesto for Reproducible Science},
  volume = {1},
  rights = {© 2017 Macmillan Publishers Limited, part of Springer Nature. All rights reserved.},
  issn = {2397-3374},
  doi = {10.1038/s41562-016-0021},
  timestamp = {2017-05-29T20:00:00Z},
  langid = {english},
  journaltitle = {Nature Human Behaviour},
  author = {Munafò, Marcus R. and Nosek, Brian A. and Bishop, Dorothy V. M. and Button, Katherine S. and Chambers, Christopher D. and du Sert, Nathalie Percie and Simonsohn, Uri and Wagenmakers, Eric-Jan and Ware, Jennifer J. and Ioannidis, John P. A.},
  urldate = {2017-05-29},
  date = {2017-01-10},
  pages = {0021},
  note = {00036}
}


@Book{jacobsen_implementing_2012,
  title = {Implementing a {{Digital Asset Management System}}: {{For Animation}}, {{Computer Games}}, and {{Web Development}}},
  isbn = {978-1-136-03578-4},
  shorttitle = {Implementing a {{Digital Asset Management System}}},
  pagetotal = {269},
  timestamp = {2017-06-02T13:53:29Z},
  langid = {english},
  publisher = {{CRC Press}},
  author = {Jens Jacobsen and Tilman Schlenker and Lisa Edwards},
  date = {2012-08-21},
  note = {00021 
Google-Books-ID: Wfh4AgAAQBAJ},
  keywords = {Language Arts & Disciplines / Communication Studies,Technology & Engineering / Telecommunications},
  groups = {reproducible-guide,reproducible-guide},
}
@Book{chambers_seven_2017,
  title = {The {{Seven Deadly Sins}} of {{Psychology}}: {{A Manifesto}} for {{Reforming}} the {{Culture}} of {{Scientific Practice}}},
  isbn = {978-1-4008-8494-0},
  shorttitle = {The {{Seven Deadly Sins}} of {{Psychology}}},
  pagetotal = {289},
  timestamp = {2017-06-07T15:29:08Z},
  langid = {english},
  publisher = {{Princeton University Press}},
  author = {Chris Chambers},
  date = {2017-04-17},
  note = {00002 
Google-Books-ID: qwhpDQAAQBAJ},
  keywords = {Psychology / Cognitive Neuroscience & Cognitive Neuropsychology,Psychology / Cognitive Psychology & Cognition,Psychology / Research & Methodology,Science / Philosophy & Social Aspects,Science / Research & Methodology,Science / Weights & Measures},
  groups = {reproducible-guide,reproducible-guide},
}

@Book{chambers_seven_2017,
  title = {The {{Seven Deadly Sins}} of {{Psychology}}: {{A Manifesto}} for {{Reforming}} the {{Culture}} of {{Scientific Practice}}},
  isbn = {978-1-4008-8494-0},
  shorttitle = {The {{Seven Deadly Sins}} of {{Psychology}}},
  pagetotal = {289},
  timestamp = {2017-06-07T15:29:08Z},
  langid = {english},
  publisher = {{Princeton University Press}},
  author = {Chris Chambers},
  date = {2017-04-17},
  note = {00002 
Google-Books-ID: qwhpDQAAQBAJ},
  keywords = {Psychology / Cognitive Neuroscience & Cognitive Neuropsychology,Psychology / Cognitive Psychology & Cognition,Psychology / Research & Methodology,Science / Philosophy & Social Aspects,Science / Research & Methodology,Science / Weights & Measures},
  groups = {reproducible-guide,reproducible-guide},
}
@Article{knuth_literate_1984,
  title = {Literate {{Programming}}},
  volume = {27},
  issn = {0010-4620},
  doi = {10.1093/comjnl/27.2.97},
  timestamp = {2017-05-30T19:44:39Z},
  number = {2},
  journaltitle = {The Computer Journal},
  shortjournal = {Comput J},
  author = {D. E. Knuth},
  urldate = {2017-05-30},
  date = {1984-01-01},
  pages = {97--111},
  note = {01403},
  groups = {mediation,mediation},
}
@Article{nuijten_prevalence_2015,
  title = {The Prevalence of Statistical Reporting Errors in Psychology (1985–2013)},
  issn = {1554-3528},
  doi = {10.3758/s13428-015-0664-2},
  timestamp = {2016-02-10T19:44:23Z},
  langid = {english},
  journaltitle = {Behavior Research Methods},
  shortjournal = {Behav Res},
  author = {Mich{\a`e}le B. Nuijten and Chris H. J. Hartgerink and Marcel A. L. M. {van Assen} and Sacha Epskamp and Jelte M. Wicherts},
  urldate = {2015-10-25},
  date = {2015-10-23},
  pages = {1--22},
  note = {00003},
  keywords = {Cognitive Psychology,False positives,NHST,Publication bias,p-values,Questionable research practices,Reporting errors,Significance},
  groups = {Methods,Methods},
}
@Article{wicherts_poor_2006,
  title = {The Poor Availability of Psychological Research Data for Reanalysis},
  volume = {61},
  rights = {(c) 2016 APA, all rights reserved},
  issn = {1935-990X 0003-066X},
  doi = {10.1037/0003-066X.61.7.726},
  timestamp = {2017-06-13T19:03:09Z},
  langid = {english},
  number = {7},
  journaltitle = {American Psychologist},
  author = {Jelte M. Wicherts and Denny Borsboom and Judith Kats and Dylan Molenaar},
  date = {2006},
  pages = {726--728},
  note = {00245},
  keywords = {*Compliance,*Data Collection,*Experimentation,*Professional Ethics,*Scientific Communication,Data sharing},
  groups = {reproducible-guide,reproducible-guide},
}
@Article{mcmillan_after_2005,
  entrysubtype = {magazine},
  title = {After Controversy, {{Torvalds}} Begins Work on {"}Git{"}},
  url = {https://www.pcworld.idg.com.au/article/129776/after_controversy_torvalds_begins_work_git_/},
  timestamp = {2017-06-15T17:08:11Z},
  journaltitle = {PC World},
  author = {Robert McMillan},
  urldate = {2017-06-15},
  date = {2005-04-20},
  note = {00000},
  groups = {reproducible-guide,reproducible-guide},
}
@Article{kidwell_badges_2016,
  title = {Badges to {{Acknowledge Open Practices}}: {{A Simple}}, {{Low}}-{{Cost}}, {{Effective Method}} for {{Increasing Transparency}}},
  volume = {14},
  issn = {1545-7885},
  doi = {10.1371/journal.pbio.1002456},
  shorttitle = {Badges to {{Acknowledge Open Practices}}},
  timestamp = {2017-06-15T18:26:07Z},
  number = {5},
  journaltitle = {PLOS Biology},
  shortjournal = {PLOS Biology},
  author = {Mallory C. Kidwell and Ljiljana B. Lazarevi{\a'c} and Erica Baranski and Tom E. Hardwicke and Sarah Piechowski and Lina-Sophia Falkenberg and Curtis Kennett and Agnieszka Slowik and Carina Sonnleitner and Chelsey Hess-Holden and Timothy M. Errington and Susann Fiedler and Brian A. Nosek},
  urldate = {2017-06-15},
  date = {2016-05-12},
  pages = {e1002456},
  note = {00048},
  keywords = {Archives,Behavior,Cognitive Psychology,Experimental psychology,open data,Open science,Psychology,Research assessment},
  groups = {reproducible-guide,reproducible-guide},
}
@Article{vanpaemel_are_2015,
  title = {Are {{We Wasting}} a {{Good Crisis}}? {{The Availability}} of {{Psychological Research Data}} after the {{Storm}}},
  volume = {1},
  rights = {Authors who publish with this journal agree to the following terms:    Authors retain copyright and grant the journal right of first publication with the work simultaneously licensed under a  Creative Commons Attribution License  that allows others to share the work with an acknowledgement of the work's authorship and initial publication in this journal.  Authors are able to enter into separate, additional contractual arrangements for the non-exclusive distribution of the journal's published version of the work (e.g., post it to an institutional repository or publish it in a book), with an acknowledgement of its initial publication in this journal.  Authors are permitted and encouraged to post their work online (e.g., in institutional repositories or on their website) prior to and during the submission process, as it can lead to productive exchanges, as well as earlier and greater citation of published work (See  The Effect of Open Access ).  All third-party images reproduced on this journal are shared under Educational Fair Use. For more information on  Educational Fair Use , please see  this useful checklist prepared by Columbia University Libraries .   All copyright  of third-party content posted here for research purposes belongs to its original owners.  Unless otherwise stated all references to characters and comic art presented on this journal are ©, ® or ™ of their respective owners. No challenge to any owner’s rights is intended or should be inferred.},
  issn = {2474-7394},
  doi = {10.1525/collabra.13},
  shorttitle = {Are {{We Wasting}} a {{Good Crisis}}?},
  timestamp = {2017-06-15T19:10:28Z},
  langid = {english},
  number = {1},
  journaltitle = {Collabra: Psychology},
  author = {Wolf Vanpaemel and Maarten Vermorgen and Leen Deriemaecker and Gert Storms},
  urldate = {2017-06-15},
  date = {2015-10-09},
  note = {00025},
  groups = {reproducible-guide,reproducible-guide},
}
@Article{open_science_collaboration_estimating_2015,
  title = {Estimating the Reproducibility of Psychological},
  volume = {349},
  issn = {0036-8075, 1095-9203},
  doi = {10.1126/science.aac4716},
  timestamp = {2017-06-16T15:44:04Z},
  langid = {english},
  number = {6251},
  journaltitle = {Science},
  shortjournal = {Science},
  author = {{Open Science Collaboration}},
  urldate = {2015-09-08},
  date = {2015-08-28},
  pages = {aac4716},
  note = {00091},
  groups = {p-intervals,reproducible-guide,p-intervals,p-intervals,reproducible-guide,Methods,Methods},
  eprinttype = {pmid},
  eprint = {26315443},
}
@Software{rstudio_team_rstudio:_2016,
  location = {{Boston, MA}},
  title = {{{RStudio}}: {{Integrated Development Environment}} for {{R}}},
  url = {http://www.rstudio.com/},
  timestamp = {2017-06-16T18:11:18Z},
  publisher = {{RStudio, Inc.}},
  author = {{RStudio Team}},
  date = {2016},
  note = {00000},
  groups = {reproducible-guide,reproducible-guide},
}
@Book{r_core_team_r:_2017,
  location = {{Vienna, Austria}},
  title = {R: {{A Language}} and {{Environment}} for {{Statistical Computing}}},
  url = {https://www.R-project.org/},
  timestamp = {2017-06-16T18:10:24Z},
  publisher = {{R Foundation for Statistical Computing}},
  author = {{R Core Team}},
  date = {2017},
  note = {00013},
  groups = {blog,jeps,blog,jeps,jeps,mediation,space-pilot-paper,illusion-agency,reproducible-guide,mediation,space-pilot-paper,illusion-agency,illusion-agency,reproducible-guide,Statistics,Statistics},
}
@Book{aust_papaja:_2016,
  title = {Papaja: {{Create APA}} Manuscripts with {{RMarkdown}}},
  url = {https://github.com/crsh/papaja},
  timestamp = {2017-02-10T15:58:10Z},
  author = {Frederik Aust and Marius Barth},
  date = {2016},
  note = {00000 
R package version 0.1.0.9440},
  groups = {mediation,mediation},
}

@Software{allaire_rmarkdown:_2016,
  title = {Rmarkdown: {{Dynamic Documents}} for {{R}}},
  rights = {GPL-3},
  url = {https://cran.r-project.org/web/packages/rmarkdown/index.html},
  shorttitle = {Rmarkdown},
  version = {1.3},
  timestamp = {2017-05-18T23:44:05Z},
  author = {J. J. Allaire and Joe Cheng and Yihui Xie and Jonathan McPherson and Winston Chang and Jeff Allen and Hadley Wickham and Rob Hyndman},
  urldate = {2017-02-10},
  date = {2016-12-21},
  note = {00001},
  groups = {mediation,mediation},
}

@Software{xie_knitr:_2016,
  title = {Knitr: {{A General}}-{{Purpose Package}} for {{Dynamic Report Generation}} in {{R}}},
  rights = {GPL-2 | GPL-3 [expanded from: GPL]},
  url = {https://cran.r-project.org/web/packages/knitr/index.html},
  shorttitle = {Knitr},
  version = {1.15.1},
  timestamp = {2017-04-20T20:00:51Z},
  author = {Yihui Xie and Adam Vogt and Alastair Andrew and Alex Zvoleff and Andre Simon and Aron Atkins and Aaron Wolen and Ashley Manton and Ben Baumer and Brian Diggs and Cassio Pereira and David Robinson and Donald Arseneau (the {framed package at inst/misc/framed.sty)} and Doug Hemken and Duncan Murdoch and Fabian Hirschmann and Fitch Simeon and Frank E. Harrell Jr (the Sweavel {package at inst/misc/Sweavel.sty)} and Gregoire Detrez and Hadley Wickham and Heewon Jeon and Henrik Bengtsson and Hiroaki Yutani and Jake Burkhead and James Manton and Jared Lander and Jason Punyon and Jeff Arnold and Jeremy Ashkenas (the CSS {file at inst/misc/docco- classic.css)} and Jeremy Stephens and Jim Hester and Joe Cheng and Johannes Ranke and John Honaker and John Muschelli and Jonathan Keane and J. J. Allaire and Johan Toloe and Joseph Larmarange and Julien Barnier and Kaiyin Zhong and Kamil Slowikowski and Kevin K. Smith and Kirill Mueller and Kohske Takahashi and Michael Friendly and Michal Bojanowski and Michel Kuhlmann and Nacho Caballero and Nick Salkowski and Noam Ross and Qiang Li and Ramnath Vaidyanathan and Richard Cotton and Robert Krzyzanowski and Romain Francois and Scott Kostyshak and Sebastian Meyer and Sietse Brouwer and Simon {de Bernard} and Taiyun Wei and Thibaut Assus and Thibaut Lamadon and Thomas Leeper and Tom Torsney-Weir and Trevor Davis and Viktoras Veitas and Weicheng Zhu and Wush Wu and Zachary Foster},
  urldate = {2017-02-10},
  date = {2016-11-22},
  note = {00003},
  options = {useprefix=true},
  groups = {mediation,mediation},
}
@Article{rouder_what_2016,
  title = {The What, Why, and How of Born-Open Data},
  volume = {48},
  issn = {1554-3528},
  doi = {10.3758/s13428-015-0630-z},
  timestamp = {2017-06-22T00:24:31Z},
  langid = {english},
  number = {3},
  journaltitle = {Behavior Research Methods},
  shortjournal = {Behav Res},
  author = {Jeffrey N. Rouder},
  urldate = {2017-06-22},
  date = {2016-09-01},
  pages = {1062--1069},
  note = {00009},
  groups = {reproducible-guide,reproducible-guide},
}
@Unpublished{nosek_preregistration_2017,
  title = {The {{Preregistration Revolution}}},
  url = {https://osf.io/2dxu5/},
  timestamp = {2017-09-18T19:24:50Z},
  author = {B. A. Nosek and C. R. Ebersole and A. C. DeHaven and D. T. Mellor},
  urldate = {2017-09-18},
  date = {2017},
  note = {00000},
  groups = {reproducible-guide,reproducible-guide},
}
